<record><leader>00000cas a2200000 a 4500</leader><controlfield tag="001">14557825</controlfield><controlfield tag="008">861028d18991899inudn ne      0    0eng c</controlfield><datafield ind1=" " ind2=" " tag="010"><subfield code="a">sn 86058892 </subfield></datafield><datafield ind1=" " ind2=" " tag="040"><subfield code="a">NPI</subfield><subfield code="b">eng</subfield><subfield code="c">NPI</subfield><subfield code="d">OCLCQ</subfield><subfield code="d">IUL</subfield><subfield code="d">OCLCF</subfield></datafield><datafield ind1=" " ind2=" " tag="042"><subfield code="a">pcc</subfield></datafield><datafield ind1=" " ind2=" " tag="043"><subfield code="a">n-us-in</subfield></datafield><datafield ind1="0" ind2=" " tag="130"><subfield code="a">Princeton clarion-leader (Princeton, Ind. : Daily)</subfield></datafield><datafield ind1="1" ind2="0" tag="245"><subfield code="a">Princeton clarion-leader.</subfield></datafield><datafield ind1=" " ind2=" " tag="260"><subfield code="a">Princeton, Ind. :</subfield><subfield code="b">Gil R. Stormont :</subfield><subfield code="b">Clarion-Leader Co.,</subfield><subfield code="c">1899.</subfield></datafield><datafield ind1=" " ind2=" " tag="300"><subfield code="a">1 volume :</subfield><subfield code="b">illustrations</subfield></datafield><datafield ind1=" " ind2=" " tag="310"><subfield code="a">Daily (except Sunday)</subfield></datafield><datafield ind1="0" ind2=" " tag="362"><subfield code="a">Vol. 2, no. 178 (Mar. 20, 1899)-vol. 2, no. 280 (July 17, 1899).</subfield></datafield><datafield ind1=" " ind2="0" tag="651"><subfield code="a">Princeton (Ind.)</subfield><subfield code="v">Newspapers.</subfield></datafield><datafield ind1=" " ind2="0" tag="651"><subfield code="a">Gibson County (Ind.)</subfield><subfield code="v">Newspapers.</subfield></datafield><datafield ind1=" " ind2="7" tag="651"><subfield code="a">Indiana</subfield><subfield code="z">Gibson County.</subfield><subfield code="2">fast</subfield><subfield code="0">(OCoLC)fst01204272</subfield></datafield><datafield ind1=" " ind2="7" tag="651"><subfield code="a">Indiana</subfield><subfield code="z">Princeton.</subfield><subfield code="2">fast</subfield><subfield code="0">(OCoLC)fst01218146</subfield></datafield><datafield ind1=" " ind2="7" tag="655"><subfield code="a">Newspapers.</subfield><subfield code="2">fast</subfield><subfield code="0">(OCoLC)fst01423814</subfield></datafield><datafield ind1=" " ind2=" " tag="752"><subfield code="a">United States</subfield><subfield code="b">Indiana</subfield><subfield code="c">Gibson</subfield><subfield code="d">Princeton.</subfield></datafield><datafield ind1="0" ind2=" " tag="775"><subfield code="t">Princeton clarion-leader (Princeton, Ind. : Weekly)</subfield><subfield code="w">(DLC)sn 86058817</subfield><subfield code="w">(OCoLC)14558174</subfield></datafield><datafield ind1="0" ind2="4" tag="780"><subfield code="t">Princeton daily clarion (Princeton, Ind. : 1897)</subfield><subfield code="w">(DLC)sn 86058818</subfield><subfield code="w">(OCoLC)14557809</subfield></datafield><datafield ind1="0" ind2="4" tag="780"><subfield code="t">Princeton evening leader</subfield></datafield><datafield ind1="0" ind2="0" tag="785"><subfield code="t">Daily clarion-leader</subfield><subfield code="w">(DLC)sn 86058939</subfield><subfield code="w">(OCoLC)14557630</subfield></datafield><datafield ind1="4" ind2="1" tag="856"><subfield code="u">https://access.newspaperarchive.com/us/indiana/princeton/princeton-clarion-leader/</subfield></datafield></record>